1689 2996
777 94 867 170 x{3ss

143 232 296 276 moniae
324 232 524 274 universe
561 229 742 272 senserit
758 229 1043 284 Aristoteles,
1071 226 1323 273 brevissime
1360 225 1548 268 declarat

142 310 218 352 lib.
234 310 356 357 vul
378 309 510 351 Polie.
536 324 572 350 e.
591 308 726 361 5—7,
757 305 839 353 ubi
861 308 1001 361 docet,
1032 305 1191 348 musica
1221 305 1426 347 utendum
1455 318 1549 347 esse

143 382 350 439 παιδείαςι
371 389 505 431 ἕνεκεν
537 385 613 430 καὶ
647 388 900 442 καθάρσεως,
939 386 1076 442 τρίτον
1112 385 1158 429 δὲ
1194 377 1296 441 πρὸς
1324 377 1549 443 διαγωγήν,

144 462 246 524 πρὸς
276 462 413 510 ἄνεσίν
442 482 489 509 τε
517 464 594 509 καὶ
622 459 724 522 πρὸς
752 460 829 523 τὴν
858 465 938 521 τῆς
966 464 1180 515 συντονίας
1213 456 1458 507 ἀνάπαυσιν.
1507 499 1515 503 .

261 545 479 587 caeterum
506 546 589 587 boc
619 544 841 602 problema
873 550 936 586 est
966 559 1017 585 ex
1049 556 1427 604 numero-eorum,
1457 555 1552 599 quae

146 625 182 668 si
227 625 324 683 quis
361 624 602 666 Aristotele
640 639 787 681 parum
826 622 956 678 digna
994 621 1182 678 judicet,
1232 621 1430 679 equidem
1461 619 1549 662 non

146 704 300 745 acriter
329 718 583 761 repugnem.
629 701 786 759 Neque
816 700 930 743 enim
959 700 1230 758 perspicuum
1261 707 1339 753 est,
1370 699 1473 757 quid
1497 698 1554 740 sit

147 784 266 840 quod
305 782 611 824 dubitationem
657 788 824 822 moveat
869 787 911 821 et
955 780 998 821 in
1044 779 1320 837 quaestionem
1364 784 1553 820 vocetur.

146 859 258 902 Nam
291 862 408 919 quod
428 858 653 918 Septalius
673 859 726 901 *in
759 858 1063 921 commentario
1089 858 1130 900 id
1156 857 1288 916 quaeri
1312 856 1553 908 arbitratur,

149 941 371 997 quomodo
403 941 550 981 eadem
580 955 649 982 res
680 938 933 991 (harmonia)
963 937 1006 978 in
1045 937 1270 979 contrariis
1300 936 1428 978 animi
1457 950 1554 993 per-

149 1017 467 1060 turbationibus
506 997 687 1074 <gaudio
725 1023 767 1058 ct
806 1016 943 1068 luctu)
980 1015 1097 1057 utilis
1136 1030 1229 1058 esse
1269 1014 1429 1073 possit,
1473 1015 1555 1056 boe

148 1112 292 1154 neque
321 1112 374 1138 ex
405 1112 470 1148 eo,
502 1096 622 1154 quod
654 1095 956 1151 interrogatur,
987 1110 1128 1153 neque
1158 1110 1211 1137 ex
1241 1111 1315 1149 eo,
1346 1093 1463 1152 quod
1491 1108 1555 1135 re·

149 1175 403 1231 spondetur,
433 1174 532 1216 elici
562 1181 663 1231 apte
693 1181 834 1231 potest
850 1180 900 1228 ᾖ).

711 1369 900 1422 Probl.
943 1368 1002 1421 2.

266 1466 416 1544 Quium
446 1488 535 1528 haec
564 1486 706 1544 probi.
745 1487 878 1528 sectio
915 1486 1171 1528 inscribatur
1199 1481 1281 1530 ’ὅσα
1310 1485 1401 1543 περὶ
1430 1482 1556 1544 ‹ippo-

149 1567 254 1619 νίαν,
285 1573 328 1607 et
352 1566 519 1622 reliqua
550 1565 709 1621 probll.
727 1565 768 1605 in
798 1566 1018 1607 harmonia
1041 1572 1265 1607 versentur
1289 1552 1444 1619 omnia,
1476 1568 1555 1608 hoc

151 1644 293 1688 solum
323 1644 367 1686 in
398 1659 525 1696 voce,
571 1643 841 1690 manifestum
872 1650 952 1697 est,
986 1643 1124 1700 probi.
1156 1629 1256 1684 ΨΜ·
1292 1644 1335 1686 in
1367 1643 1554 1688 alienum

150 1724 293 1765 locum
328 1730 489 1764 temere
527 1722 752 1779 irrepsisse
781 1708 831 1763 ret
867 1723 921 1763 ad
959 1729 1062 1763 sect.
1102 1723 1237 1762 llum
1276 1723 1555 1779 relegandum
1602 1756 1605 1759 Α

152 1817 270 1855 esse,
316 1801 359 1842 in
391 1816 476 1858 qua
504 1806 765 1853 tractantur,
809 1816 905 1858 qua:
944 1782 998 1842 ad
1028 1815 1177 1843 vocem
1207 1808 1251 1843 et
1278 1816 1430 1843 sonum
1462 1817 1556 1858 per—

149 1878 298 1920 tinent.
357 1877 546 1921 videtur
575 1876 713 1931 enim,
743 1884 791 1918 ut
813 1877 903 1934 jam
938 1883 1036 1919 ante
1066 1892 1089 1919 a
1121 1877 1243 1919 nobis
1272 1877 1556 1935 significatum

149 1965 228 2012 est,
260 1958 456 2015 quisquis
485 1958 573 1999 haee
595 1956 738 2014 probi.
762 1956 974 2013 disposuit
999 1965 1040 1999 et
1064 1957 1107 1998 in
1130 1956 1341 2000 sectiones
1365 1936 1557 2014 digessit,

149 2051 241 2079 rem
271 2036 329 2078 ita
359 2042 586 2089 tractasse,
636 2041 686 2076 ut
712 2034 755 2076 in
787 2034 882 2077 aliis
912 2036 1144 2089 haesitaret,
1183 2035 1227 2077 in
1257 2034 1351 2078 aliis
1381 2043 1555 2078 erraret.

150 2115 367 2158 Sectionis
397 2121 537 2157 autem
570 2115 686 2156 11¹¹ae
714 2113 858 2171 probl.
889 2113 1023 2156 52³⁸*
1052 2130 1147 2157 eum
1176 2115 1260 2157 hoe
1290 2114 1556 2172 problemate

150 2207 349 2252 pugnare
390 2192 525 2234 videri
561 2198 704 2249 potest
742 2198 784 2233 ct
821 2207 869 2234 re
904 2207 1004 2234 vera
1041 2192 1177 2235 visum
1221 2198 1286 2235 est
1321 2193 1556 2236 nonnuliis.

151 2272 243 2314 Sed
286 2287 334 2313 re
378 2270 618 2313 accuratius
661 2277 889 2327 perspecta
935 2271 1198 2325 invenimus,
1244 2272 1347 2330 quid
1377 2272 1555 2315 intersit.

151 2348 320 2407 Quaerit
358 2350 398 2390 h.
429 2348 458 2390 l.
489 2347 750 2394 Aristoteles
788 2362 864 2389 cur
901 2348 1091 2405 ejusdem
1129 2348 1313 2392 bominis
1343 2364 1428 2391 vox
1452 2364 1557 2392 cum

151 2428 248 2470 aliis
282 2414 506 2469 clamantis
537 2428 606 2469 vel
637 2428 826 2469 canentis
856 2428 1029 2483 longius
1059 2430 1330 2482 exaudiatur,
1360 2443 1489 2485 quam
1519 2429 1555 2470 si

151 2512 293 2549 cantet
327 2506 459 2549 solus.
517 2490 798 2563 Respondet,
843 2520 990 2549 vocem
1022 2506 1201 2551 aliarum
1239 2521 1392 2551 vocum
1416 2506 1474 2550 ·vi
1512 2512 1557 2549 et

185 2670 219 2717 1)
242 2670 343 2707 Gaza
368 2682 521 2720 quoque
550 2672 685 2709 vertit:
711 2677 788 2708 tam
811 2673 854 2709 in
877 2672 1108 2716 laborando,
1133 2684 1246 2722 quam
1269 2667 1508 2711 iusi-tiendo.
