1689 2996
820 155 852 198 4

139 293 248 334 fecta
279 298 320 333 et
349 291 505 333 tradita
536 307 559 333 a
589 291 733 334 multis
763 292 964 349 deinceps
977 301 1072 334 'usu
1102 299 1273 350 recepta
1302 308 1395 335 csse
1415 292 1527 336 vide·

136 378 220 439 tur.
299 370 363 413 lta
395 370 486 428 jam
523 369 844 429 Theophrastus
884 370 1193 445 problematum
1232 370 1525 414 collectionem

138 451 429 509 composuisse
442 450 636 492 traditur
674 450 821 507 (Πίος.
851 450 992 493 Laert.
1016 451 1086 505 V,
1130 451 1207 493 47.Ι
1236 450 1339 504 48);
1382 450 1467 493 alio
1501 466 1525 492 a
1575 472 1579 480 =

137 520 301 574 Matrea
332 529 489 588 scripta
521 530 940 572 commemoravimus
958 531 1023 587 ¹);
1055 510 1138 571 alia
1167 528 1413 583 Plutarcho,
1440 529 1525 571 alia

139 610 393 652 Alexandro
437 609 767 667 Aphrodisiensi
810 611 868 668 τῷ
912 610 1134 667 ἐξηγητῇ,
1192 609 1295 651 alin
1319 608 1442 651 aliis
1440 608 1526 651 tri-

138 688 325 730 buuntur
338 692 400 742 ²)3
445 703 497 730 ex
528 688 678 730 eodem
711 703 870 745 genere
904 695 1002 730 sunt
1030 681 1400 745 grammaticorum
1429 703 1524 745 προ-

139 755 339 826 βλήματα
376 783 416 809 v.
461 761 718 827 ἀπορήματα
760 767 835 812 καί
885 762 1021 818 λύσεις
1034 771 1097 821 ³);
1160 767 1296 810 varias
1340 767 1525 824 denique
1580 796 1584 800 -

138 846 347 888 exstitisse
377 846 556 905 scriptas
586 846 896 904 problematum
926 846 1201 889 collectiones
1235 847 1301 888 vel
1334 861 1385 887 ex
1402 848 1525 904 Apuu

138 926 212 982 ieji
262 926 458 982 verbis&
507 926 656 983 (Apol.
691 943 732 983 p.
772 927 831 968 41
865 912 975 984 fnffp.
1015 942 1058 984 p,
1103 926 1196 968 477
1234 924 1366 979 oud.)
1405 925 1524 968 coni-

138 1004 254 1062 gitur
282 1004 353 1048 vel
383 1021 434 1048 ex
466 1003 599 1048 Gellii
635 1007 794 1064 praefat.
825 1012 954 1048 noctt.
984 1006 1097 1060 Am,
1141 1005 1214 1047 ubi
1242 999 1524 1063 προβλήματα

138 1090 355 1126 enumerat
382 1085 493 1127 inter
522 1086 697 1128 usitatos
728 1101 873 1128 eorum
910 1085 1117 1127 librorum
1154 1085 1351 1138 titulos9'
1370 1085 1523 1142 quibus

137 1163 262 1204 variae
299 1171 341 1206 et
377 1165 567 1222 undique
611 1171 822 1222 congestae
866 1164 1067 1207 doctrinae
1113 1159 1383 1207 monumenta
1426 1179 1524 1207 con-

137 1241 372 1284 tinerentur
386 1245 437 1296 ὅ).
502 1243 671 1288 Verum
706 1249 753 1285 ut
782 1243 873 1300 jam
906 1243 958 1285 ab
987 1243 1183 1298 universa
1211 1242 1523 1301 problematum

137 1323 534 1365 commemoratione
563 1325 617 1365 ad
645 1324 921 1366 Aristotelem
952 1324 1182 1366 orationem
1211 1323 1407 1377 referam,
1437 1323 1522 1366 col-

137 1401 262 1443 lectio
292 1401 601 1460 problematum
632 1402 1030 1456 Aristotelicorum,
1075 1417 1168 1460 quae
1198 1401 1367 1459 quidem
1397 1402 1523 1444 hodie

137 1488 317 1532 exstant,
346 1490 546 1539 magnum
571 1498 791 1525 numerum
815 1482 1025 1525 variarum
1049 1481 1326 1540 quaestionum
1348 1482 1411 1526 38
1434 1498 1521 1525 sec-

165 1655 197 1701 1)
223 1654 362 1698 Qualia
384 1656 530 1690 fuerint
561 1654 674 1702 hujus
705 1654 937 1702 problemata
968 1655 1127 1690 ridicula
1157 1656 1204 1690 ad
1233 1655 1520 1691 similitudinem

226 1710 678 1757 Aristotelicorum'factffi
704 1716 857 1763 colligas
883 1728 928 1752 ex
954 1716 1135 1763 exemplis
1150 1716 1197 1750 ab
1210 1716 1392 1751 Athenaeo
1411 1717 1443 1758 1,
1471 1717 1519 1752 19

225 1776 358 1810 allatis.
392 1776 582 1811 Videntur
605 1782 731 1811 autem
754 1777 795 1810 in
819 1778 930 1811 unius
954 1776 1034 1811 sere
1056 1776 1163 1811 verbi
1188 1776 1433 1824 ambiguitate
1457 1788 1520 1824 po-

226 1836 296 1870 sita
319 1836 446 1872 fuisse.

166 1915 197 1960 2)
221 1915 267 1949 ln
291 1916 321 1950 F
323 1916 403 1950 abr.
426 1916 521 1950 bibl.
547 1917 663 1951 Graec.
687 1917 768 1951 Vol.
795 1918 818 1952 3
843 1930 926 1964 pag.
950 1917 1028 1952 254
1052 1916 1193 1964 (Harl.)
1216 1916 1520 1964 Theopliylactns

225 1975 429 2011 simocatta
451 1977 492 2011 in
506 1977 680 2022 'secundo
712 1977 812 2012 libro
842 1975 1008 2025 οἷποριῶν
1035 1975 1189 2027 φυσικῶν
1227 1975 1353 2011 varios
1371 1976 1540 2024 proble-.

225 2042 366 2072 matum
398 2038 598 2085 scriptores
627 2039 835 2074 nominasse
867 2040 1042 2074 traditur.
1067 2083 1069 2086 v
1101 2038 1178 2074 Sed
1210 2049 1270 2073 res
1297 2049 1373 2072 non
1403 2038 1455 2072 ita
1478 2049 1518 2072 se

223 2098 349 2134 habet.
379 2098 557 2133 Nominat
580 2100 837 2134 tantummodo
851 2111 914 2134 cos
929 2099 1144 2147 scriptores,
1168 2110 1212 2134 ex
1230 2110 1393 2147 quorum
1410 2098 1517 2133 libris

224 2160 369 2207 aporias
392 2171 478 2194 suas
497 2161 778 2194 concinnaverit

166 2240 199 2286 3)
227 2239 324 2274 Vide
359 2239 731 2278 commentationem,
780 2251 892 2287 quam
929 2240 969 2274 in
1003 2240 1135 2275 Jahnii
1172 2238 1378 2285 Sobtbilcbet
1414 2238 1515 2272 1830

226 2300 489 2347 p.1o2-119
513 2300 643 2347 scripsi
635 2300 663 2334 it
688 2299 1254 2335 Lehrs.1
1459 2315 1462 2320 ,

165 2380 198 2426 4)
226 2380 321 2415 Vide
347 2385 469 2415 tamen
494 2390 576 2427 quae
601 2380 647 2414 de
671 2379 821 2426 Apuleji
847 2380 929 2414 loco
953 2379 1224 2426 disputavimus
1247 2379 1293 2413 ad
1317 2383 1338 2424 §
1363 2380 1397 2413 3.

166 2461 200 2507 ⁵)
220 2460 352 2504 Quum
377 2459 568 2507 frequenti
591 2471 662 2494 usu
686 2459 874 2494 celebrata
906 2465 1002 2494 esset
1026 2459 1104 2494 baec
1137 2457 1349 2506 disputandi
1381 2457 1514 2499 forma,

224 2532 300 2555 non
323 2520 461 2555 mirum
485 2525 561 2562 est,
596 2520 762 2567 ipsorum
792 2520 1069 2568 problematum
1092 2520 1274 2556 rationem
1306 2518 1516 2554 accuratius

224 2582 414 2629 quaesitam
439 2592 539 2624 esse:
563 2581 604 2616 id
633 2582 734 2629 quod
757 2581 804 2616 ab
828 2581 1046 2618 Alexandro
1064 2579 1351 2629 Aphrodisiensi
1374 2578 1514 2614 factum

223 2642 412 2683 videmus,
448 2642 514 2689 qui
544 2642 586 2676 in
616 2635 832 2688 prae‘fat'ione
855 2642 1133 2689 problematum
1163 2642 1239 2676 vim
1271 2646 1309 2676 et
1339 2645 1513 2682 naturam

202 2702 356 2743 „delinit
379 2713 498 2755 eaque
522 2707 623 2739 vetat
645 2700 825 2750 ejusmodi
856 2701 956 2745 esse,
998 2707 1042 2738 ut
1075 2706 1141 2737 aut
1171 2713 1193 2737 a
1223 2702 1354 2750 quovis
1384 2702 1511 2738 statim

222 2765 403 2813 explicari
426 2771 492 2804 aut
514 2765 620 2801 nullo
642 2765 751 2803 modo
773 2764 868 2801 solvi
892 2764 1135 2813 expeditique
1157 2764 1312 2812 possint.
